@article{gupr14,
title={Modes of continental rifting as a function of ductile strain localization in the lithospheric mantle},
author={Gueydan, Fr{\'e}d{\'e}ric and Pr{\'e}cigout, Jacques},
journal={Tectonophysics},
volume={612},
pages={18--25},
doi={10.1016/j.tecto.2013.11.029},
year={2014}}

@article{brcp99,
Author = {Braun, J. and Ch\'ery, J. and Poliakov, A. and Mainprice, D. and Vauchez, A. 
and Tomassi, A. and Daigni\`eres, M.},
Journal = jgr,  
Pages = {25,167-25,181},
Title = {A simple parameterization of strain localization in the ductile regime due 
to grain-size reduction: a case study for olivine},
Volume = {104},
doi = {10.1029/1999JB900214},
Year = {1999}}

@article{prgu09,
title={Mantle weakening and strain localization: Implications for the long-term strength 
of the continental lithosphere},
author={Pr{\'e}cigout, Jacques and Gueydan, Fr{\'e}d{\'e}ric},
journal={Geology},
volume={37},
number={2},
doi={10.1130/G25239A.1},
pages={147--150},
year={2009}}

@article{thba22,
author={C. Thieulot and W. Bangerth},
title={On the choice of finite element for applications in geodynamics},
journal={Solid Earth},
doi={10.5194/se-13-1-2022},
volume={13},
pages={229--249},
year={2022}}

